@inproceedings{ aharon10,
 author = {Aharon, Roni Ben and Szpektor, Idan and Dagan, Ido},
 title = {Generating entailment rules from FrameNet},
 booktitle = {Proceedings of ACL},
 @series = {ACLShort '10},
 year = {2010},
 location = {Uppsala, Sweden},
 pages = {241--246},
 numpages = {6},
 url = {http://dl.acm.org/citation.cfm?id=1858842.1858887},
 acmid = {1858887},
}

@inproceedings{ almeida13,
  author    = {Miguel Almeida and Andr{\'e} F. T. Martins},
  title     = {Fast and Robust Compressive Summarization with Dual Decomposition
               and Multi-Task Learning},
  booktitle = {Proceedings of ACL},
  month     = {August},
  year      = {2013},
  location  = {Sofia, Bulgaria},
  pages     = {196-206},
  isbn      = {978-1-937284-50-3},
  ee        = {http://aclweb.org/anthology/P/P13/P13-1020.pdf},
  crossref  = {DBLP:conf/acl/2013-1},
  bibsource = {DBLP, http://dblp.uni-trier.de}
}

@inproceedings{ baker98,
 author = {Baker, Collin F. and Fillmore, Charles J. and Lowe, John B.},
 title = {The {B}erkeley {F}rameNet Project},
 booktitle = {Proceedings of ACL-COLING},
 @series = {ACL '98},
 year = {1998},
 location = {Montreal, Quebec, Canada},
 pages = {86--90},
 numpages = {5},
 url = {http://dx.doi.org/10.3115/980845.980860},
 doi = {10.3115/980845.980860},
 acmid = {980860},
}

@inproceedings{ bangalore00,
 author = {Bangalore, Srinivas and Rambow, Owen},
 title = {Exploiting a probabilistic hierarchical model for generation},
 booktitle = {Proceedings of COLING},
 @series = {COLING '00},
 year = {2000},
 isbn = {1-55860-717-X},
 location = {Saarbr\&\#252;cken, Germany},
 pages = {42--48},
 numpages = {7},
 url = {http://dx.doi.org/10.3115/990820.990827},
 doi = {10.3115/990820.990827},
 acmid = {990827},
}

@inproceedings{ banko00,
 author = {Banko, Michele and Mittal, Vibhu O. and Witbrock, Michael J.},
 title = {Headline generation based on statistical translation},
 booktitle = {Proceedings of ACL},
 @series = {ACL '00},
 year = {2000},
 location = {Hong Kong},
 pages = {318--325},
 numpages = {8},
 url = {http://dx.doi.org/10.3115/1075218.1075259},
 doi = {10.3115/1075218.1075259},
 acmid = {1075259},
}

@inproceedings{ bannard05,
 author = {Bannard, Colin and Callison-Burch, Chris},
 title = {Paraphrasing with bilingual parallel corpora},
 booktitle = {Proceedings of ACL},
 @series = {ACL '05},
 year = {2005},
 location = {Ann Arbor, Michigan},
 pages = {597--604},
 numpages = {8},
 url = {http://dx.doi.org/10.3115/1219840.1219914},
 doi = {10.3115/1219840.1219914},
 acmid = {1219914},
}

@inproceedings{ barheim06,
	author = {Bar-Haim, Roy and Dagan, Ido and Dolan, Bill and Ferro, Lisa and Giampiccolo, Danilo and Magnini, Bernardo and Szpektor, Idan},
	title = {The second {PASCAL} {R}ecognising {T}extual {E}ntailment challenge},
	booktitle = {Proceedings of the Second PASCAL Challenges Workshop on Recognising Textual Entailment},
	year = {2006},
	location = {Venice, Italy},
}

@inproceedings{ barzilay99,
 author = {Barzilay, Regina and McKeown, Kathleen R. and Elhadad, Michael},
 title = {Information fusion in the context of multi-document summarization},
 booktitle = {Proceedings of ACL},
 @series = {ACL '99},
 year = {1999},
 isbn = {1-55860-609-3},
 location = {College Park, Maryland},
 pages = {550--557},
 numpages = {8},
 url = {http://dx.doi.org/10.3115/1034678.1034760},
 doi = {10.3115/1034678.1034760},
 acmid = {1034760},
}

@inproceedings{ barzilay01,
 author = {Barzilay, Regina and McKeown, Kathleen R.},
 title = {Extracting paraphrases from a parallel corpus},
 booktitle = {Proceedings of ACL},
 @series = {ACL '01},
 year = {2001},
 location = {Toulouse, France},
 pages = {50--57},
 numpages = {8},
 url = {http://dx.doi.org/10.3115/1073012.1073020},
 doi = {10.3115/1073012.1073020},
 acmid = {1073020},
}

@inproceedings{ barzilay02,
 author = {Barzilay, Regina and Lee, Lillian},
 title = {Bootstrapping lexical choice via multiple-sequence alignment},
 booktitle = {Proceedings of EMNLP},
 @series = {EMNLP '02},
 year = {2002},
 pages = {164--171},
 numpages = {8},
 url = {http://dx.doi.org/10.3115/1118693.1118715},
 doi = {10.3115/1118693.1118715},
 acmid = {1118715},
}

@inproceedings{ barzilay03,
 author = {Barzilay, Regina and Lee, Lillian},
 title = {Learning to paraphrase: an unsupervised approach using multiple-sequence alignment},
 booktitle = {Proceedings of HLT-NAACL},
 @series = {NAACL '03},
 year = {2003},
 location = {Edmonton, Canada},
 pages = {16--23},
 numpages = {8},
 url = {http://dx.doi.org/10.3115/1073445.1073448},
 doi = {10.3115/1073445.1073448},
 acmid = {1073448},
}

@article{ barzilay05,
 author = {Barzilay, Regina and McKeown, Kathleen R.},
 title = {Sentence Fusion for Multidocument News Summarization},
 journal = {Computational Linguistics},
 issue_date = {September 2005},
 volume = {31},
 number = {3},
 month = sep,
 year = {2005},
 issn = {0891-2017},
 pages = {297--328},
 numpages = {32},
 url = {http://dx.doi.org/10.1162/089120105774321091},
 doi = {10.1162/089120105774321091},
 acmid = {1108996},
 publisher = {MIT Press},
 address = {Cambridge, MA, USA},
}

@inproceedings{ bergkirkpatrick11,
 author = {Berg-Kirkpatrick, Taylor and Gillick, Dan and Klein, Dan},
 title = {Jointly learning to extract and compress},
 booktitle = {Proceedings of ACL-HLT},
 @series = {HLT '11},
 year = {2011},
 isbn = {978-1-932432-87-9},
 location = {Portland, Oregon},
 pages = {481--490},
 numpages = {10},
 url = {http://dl.acm.org/citation.cfm?id=2002472.2002534},
 acmid = {2002534},
}

@inproceedings{ bensley08,
  author    = {Jeremy Bensley and Andrew Hickl},
  title     = {Unsupervised Resource Creation for Textual Inference Applications},
  booktitle = {Proceedings of LREC},
  year      = {2008},
  ee        = {http://www.lrec-conf.org/proceedings/lrec2008/summaries/146.html},
  bibsource = {DBLP, http://dblp.uni-trier.de}
}

@inproceedings{ bott11,
 author = {Bott, Stefan and Saggion, Horacio},
 title = {An unsupervised alignment algorithm for text simplification corpus construction},
 booktitle = {Proceedings of the Workshop on Monolingual Text-To-Text Generation},
 @series = {MTTG '11},
 year = {2011},
 isbn = {9781937284053},
 location = {Portland, Oregon},
 pages = {20--26},
 numpages = {7},
 url = {http://dl.acm.org/citation.cfm?id=2107679.2107682},
 acmid = {2107682},
}

@inproceedings{ bouma09,
 author = {Bouma, Gerlof},
 title = {Normalized (Pointwise) Mutual Information in Collocation Extraction},
 booktitle = {Proceedings of the International Conference of the German Socienty for Computational Linguistics and Language Technology},
 @series = {GCSL '09},
 year = {2009},
 location = {T\"{u}bingen, Germany},
 pages = {31--40},
 numpages = {11},
}

@article{ bouma09,
    journal = {Proceedings of the International  GCSL Conference},
    volume = {10},
    number = {3},
    year = {1997},
    pages = {183--190},
    publisher = {Gunter Narr Verlag},
    address = {Amsterdam, The Netherlands},
}

@inproceedings{ briscoe06,
 author = {Briscoe, Ted and Carroll, John and Watson, Rebecca},
 title = {The Second Release of the {RASP} System},
 booktitle = {Proceedings of the ACL-COLING Interactive Presentation Sessions},
 @series = {ACL-44},
 year = {2006},
 location = {Sydney, Australia},
}

@inproceedings{ brockett07,
	author = {Brockett, Chris},
	title = {Aligning the 2006 {RTE} corpus},
    booktitle = {Technical Report MSR-TR-2007-77, Microsoft Research},
	year = {2007},
}

@inproceedings{ buzek10,
 author = {Buzek, Olivia and Resnik, Philip and Bederson, Benjamin B.},
 title = {Error driven paraphrase annotation using Mechanical Turk},
 booktitle = {Proceedings of the HLT-NAACL Workshop on Creating Speech and Language Data with Amazon's Mechanical Turk},
 year = {2010},
 location = {Los Angeles, California},
 pages = {217--221},
 numpages = {5},
 url = {http://portal.acm.org/citation.cfm?id=1866696.1866731},
 acmid = {1866731},
}

@inproceedings{ callisonburch08,
 author = {Callison-Burch, Chris},
 title = {Syntactic constraints on paraphrases extracted from parallel corpora},
 booktitle = {Proceedings of EMNLP},
 @series = {EMNLP '08},
 year = {2008},
 location = {Honolulu, Hawaii},
 pages = {196--205},
 numpages = {10},
 url = {http://dl.acm.org/citation.cfm?id=1613715.1613743},
 acmid = {1613743},
}

@inproceedings{ carbonell98,
 author = {Carbonell, Jaime and Goldstein, Jade},
 title = {The use of MMR, diversity-based reranking for reordering documents and producing summaries},
 booktitle = {Proceedings of the ACM SIGIR conference on Research and development in information retrieval},
 @series = {SIGIR '98},
 year = {1998},
 isbn = {1-58113-015-5},
 location = {Melbourne, Australia},
 pages = {335--336},
 numpages = {2},
 url = {http://doi.acm.org/10.1145/290941.291025},
 doi = {10.1145/290941.291025},
 acmid = {291025},
}

@inproceedings{ carreras08,
 author = {Carreras, Xavier and Collins, Michael and Koo, Terry},
 title = {TAG, dynamic programming, and the perceptron for efficient, feature-rich parsing},
 booktitle = {Proceedings of CoNLL},
 @series = {CoNLL '08},
 year = {2008},
 isbn = {978-1-905593-48-4},
 location = {Manchester, United Kingdom},
 pages = {9--16},
 numpages = {8},
 url = {http://dl.acm.org/citation.cfm?id=1596324.1596327},
 acmid = {1596327},
}

@inproceedings{ carreras09,
 author = {Carreras, Xavier and Collins, Michael},
 title = {Non-projective parsing for statistical machine translation},
 booktitle = {Proceedings of EMNLP},
 @series = {EMNLP '09},
 year = {2009},
 isbn = {978-1-932432-59-6},
 location = {Singapore},
 pages = {200--209},
 numpages = {10},
 url = {http://dl.acm.org/citation.cfm?id=1699510.1699537},
 acmid = {1699537},
}

@inproceedings{ chali12,
 author = {Chali, Yllias and Hasan, Sadid A.},
 title = {On the effectiveness of using sentence compression models for query-focused multi-document summarization},
 booktitle = {Proceedings of COLING},
 year = {2012},
 month = {December},
 location = {Mumbai, India},
 pages = {457--474},
}

@inproceedings{ chambers07,
 author = {Chambers, Nathanael and Cer, Daniel and Grenager, Trond and Hall, David and Kiddon, Chloe and MacCartney, Bill and de Marneffe, Marie-Catherine and Ramage, Daniel and Yeh, Eric and Manning, Christopher D.},
 title = {Learning alignments and leveraging natural logic},
 booktitle = {Proceedings of the ACL-PASCAL Workshop on Textual Entailment and Paraphrasing},
 year = {2007},
 location = {Prague, Czech Republic},
 pages = {165--170},
 numpages = {6},
 url = {http://portal.acm.org/citation.cfm?id=1654536.1654570},
 acmid = {1654570},
}

@article{ chandrasekar97,
        author = {Chandrasekar, Raman and Bangalore, Srinivas},
        title = {Automatic induction of rules for text simplification},
        journal = {Knowledge-Based Systems},
        volume = {10},
        number = {3},
        year = {1997},
        pages = {183--190},
        publisher = {Elsevier},
        address = {Amsterdam, The Netherlands},
}

@inproceedings{ chang10,
 author = {Chang, Ming-Wei and Goldwasser, Dan and Roth, Dan and Srikumar, Vivek},
 title = {Discriminative learning over constrained latent representations},
 booktitle = {Proceedings of HLT-NAACL},
 @series = {HLT '10},
 year = {2010},
 isbn = {1-932432-65-5},
 location = {Los Angeles, California},
 pages = {429--437},
 numpages = {9},
 url = {http://dl.acm.org/citation.cfm?id=1857999.1858065},
 acmid = {1858065},
}

@inproceedings{ chang11,
 author = {Chang, Yin-Wen and Collins, Michael},
 title = {Exact decoding of phrase-based translation models through {L}agrangian relaxation},
 booktitle = {Proceedings of EMNLP},
 @series = {EMNLP '11},
 year = {2011},
 isbn = {978-1-937284-11-4},
 location = {Edinburgh, United Kingdom},
 pages = {26--37},
 numpages = {12},
 url = {http://dl.acm.org/citation.cfm?id=2145432.2145436},
 acmid = {2145436},
}

@article{ chuliu65,
        author = {Chu, Yoeng-jin and Liu, Tseng-hong},
        title = {On the shortest arborescence of a directed graph},
        journal = {Science Sinica},
        volume = {14},
        year = {1965},
        pages = {1396--1400},
}

@inproceedings{ clarke06a,
 author = {Clarke, James and Lapata, Mirella},
 title = {Models for sentence compression: a comparison across domains, training requirements and evaluation measures},
 booktitle = {Proceedings of ACL-COLING},
 @series = {ACL-44},
 year = {2006},
 location = {Sydney, Australia},
 pages = {377--384},
 numpages = {8},
 url = {http://dx.doi.org/10.3115/1220175.1220223},
 doi = {10.3115/1220175.1220223},
 acmid = {1220223},
}

@inproceedings{ clarke06b,
 author = {Clarke, James and Lapata, Mirella},
 title = {Constraint-based sentence compression: an integer programming approach},
 booktitle = {Proceedings of ACL-COLING},
 @series = {COLING-ACL '06},
 year = {2006},
 location = {Sydney, Australia},
 pages = {144--151},
 numpages = {8},
 url = {http://dl.acm.org/citation.cfm?id=1273073.1273092},
 acmid = {1273092},
}

@inproceedings{ clarke07,
  author = {James Clarke and Mirella Lapata},
  title = {Modelling Compression with Discourse Constraints},
  booktitle = {Proceedings of EMNLP-CoNLL},
  pages = {1--11},
  year = {2007},
  location = {Prague, Czech Republic},
  url = {http://jamesclarke.info/static/clarke-lapata-emnlp07.pdf},
}

@article{ clarke08,
 author = {Clarke, James and Lapata, Mirella},
 title = {Global inference for sentence compression: an integer linear programming approach},
 journal = {Journal for Artificial Intelligence Research},
 volume = {31},
 issue = {1},
 month = {March},
 year = {2008},
 issn = {1076-9757},
 pages = {399--429},
 numpages = {31},
 url = {http://portal.acm.org/citation.cfm?id=1622655.1622667},
 acmid = {1622667},
 publisher = {AI Access Foundation},
 address = {USA},
}

@article{ clarke10,
 author = {Clarke, James and Lapata, Mirella},
 title = {Discourse constraints for document compression},
 journal = {Computational Linguistics},
 year = {2010},
 issue_date = {September 2010},
 volume = {36},
 number = {3},
 issn = {0891-2017},
 pages = {411--441},
 numpages = {31},
 url = {http://dx.doi.org/10.1162/coli_a_00004},
 doi = {10.1162/coli_a_00004},
 acmid = {1950493},
 publisher = {MIT Press},
 address = {Cambridge, MA, USA},
}

@inproceedings{ cohn08a,
 author = {Cohn, Trevor and Lapata, Mirella},
 title = {Sentence compression beyond word deletion},
 booktitle = {Proceedings of COLING},
 @series = {COLING '08},
 year = {2008},
 isbn = {978-1-905593-44-6},
 location = {Manchester, United Kingdom},
 pages = {137--144},
 numpages = {8},
 url = {http://dl.acm.org/citation.cfm?id=1599081.1599099},
 acmid = {1599099},
}

@article{ cohn08b,
 author = {Cohn, Trevor and Callison-Burch, Chris and Lapata, Mirella},
 title = {Constructing corpora for the development and evaluation of paraphrase systems},
 journal = {Computational Linguistics},
 issue_date = {December 2008},
 volume = {34},
 number = {4},
 month = {Dec},
 year = {2008},
 issn = {0891-2017},
 pages = {597--614},
 numpages = {18},
 url = {http://dx.doi.org/10.1162/coli.08-003-R1-07-044},
 doi = {10.1162/coli.08-003-R1-07-044},
 acmid = {1479207},
 publisher = {MIT Press},
 address = {Cambridge, MA, USA},
}

@article{ cohn09,
 author = {Cohn, Trevor and Lapata, Mirella},
 title = {Sentence compression as tree transduction},
 journal = {Journal of Artificial Intelligence Research},
 issue_date = {January 2009},
 volume = {34},
 number = {1},
 month = apr,
 year = {2009},
 issn = {1076-9757},
 pages = {637--674},
 numpages = {38},
 url = {http://dl.acm.org/citation.cfm?id=1622716.1622733},
 acmid = {1622733},
 publisher = {AI Access Foundation},
 address = {USA},
}

@inproceedings{ collins02,
 author = {Collins, Michael},
 title = {Discriminative training methods for hidden {M}arkov models},
 booktitle = {Proceedings of EMNLP},
 year = {2002},
 pages = {1--8},
 numpages = {8},
 url = {http://dx.doi.org/10.3115/1118693.1118694},
 doi = {http://dx.doi.org/10.3115/1118693.1118694},
 acmid = {1118694},
}

@inproceedings{ collins04,
 author = {Collins, Michael and Roark, Brian},
 title = {Incremental parsing with the perceptron algorithm},
 booktitle = {Proceedings of ACL},
 @series = {ACL '04},
 year = {2004},
 location = {Barcelona, Spain},
 articleno = {111},
 url = {http://dx.doi.org/10.3115/1218955.1218970},
 doi = {10.3115/1218955.1218970},
 acmid = {1218970},
}

@book{ cormen90,
 author = {Cormen, Thomas T. and Leiserson, Charles E. and Rivest, Ronald L.},
 title = {Introduction to Algorithms},
 year = {1990},
 isbn = {0-262-03141-8},
 publisher = {MIT Press},
 address = {Cambridge, MA, USA},
}

@inproceedings{ coster11,
 author = {Coster, William and Kauchak, David},
 title = {Learning to simplify sentences using Wikipedia},
 booktitle = {Proceedings of the Workshop on Monolingual Text-To-Text Generation},
 @series = {MTTG '11},
 year = {2011},
 isbn = {9781937284053},
 location = {Portland, Oregon},
 pages = {1--9},
 numpages = {9},
 url = {http://dl.acm.org/citation.cfm?id=2107679.2107680},
 acmid = {2107680},
}

@article{ crammer03,
 author = {Crammer, Koby and Singer, Yoram},
 title = {Ultraconservative online algorithms for multiclass problems},
 journal = {Journal of Machine Learning Research},
 issue_date = {3/1/2003},
 volume = {3},
 month = mar,
 year = {2003},
 issn = {1532-4435},
 pages = {951--991},
 numpages = {41},
 url = {http://dx.doi.org/10.1162/jmlr.2003.3.4-5.951},
 doi = {10.1162/jmlr.2003.3.4-5.951},
 acmid = {944936},
}

@inproceedings{ dagan05,
  author = {Dagan, Ido and Glickman, Oren and Magnini, Bernardo},
  booktitle = {Proceedings of the PASCAL Challenges Workshop on Recognising Textual Entailment},
  title = {The PASCAL Recognising Textual Entailment Challenge},
  url = {http://www.cs.biu.ac.il/~glikmao/rte05/},
  year = 2005,
  keywords = {entailment},
  added-at = {2007-12-14T02:37:54.000+0100},
  biburl = {http://www.bibsonomy.org/bibtex/279d9084192b2bf440d081223da608cb4/diego_ma},
}

@inproceedings{ das07,
 author = {Das, Dipanjan and Martins, Andr{\'e} F. T.},
 title = {A survey on automatic text summarization},
 booktitle = {Literature Survey for Language and Statistics II at CMU},
 year = {2007},
 numpages = {31},
}

@inproceedings{ das09,
 author = {Das, Dipanjan and Smith, Noah A.},
 title = {Paraphrase identification as probabilistic quasi-synchronous recognition},
 booktitle = {Proceedings of ACL-IJCNLP},
 @series = {ACL '09},
 year = {2009},
 isbn = {978-1-932432-45-9},
 location = {Suntec, Singapore},
 pages = {468--476},
 numpages = {9},
 url = {http://dl.acm.org/citation.cfm?id=1687878.1687944},
 acmid = {1687944},
}

@inproceedings{ das12,
 author = {Das, Dipanjan and Martins, Andr{\'e} F. T. and Smith, Noah A.},
 title = {An Exact Dual Decomposition Algorithm for Shallow Semantic Parsing with Constraints},
 booktitle = {Proceedings of the First Joint Conference on Lexical and Computational Semantics (*SEM)},
 series = {SemEval '12},
 year = {2012},
 location = {Montr\éal, Canada},
 pages = {209--217},
 numpages = {9},
 url = {http://dl.acm.org/citation.cfm?id=2387636.2387671},
 acmid = {2387671},
}

@inproceedings{ daume02,
 author = {Daum{\'e},III, Hal and Marcu, Daniel},
 title = {A noisy-channel model for document compression},
 booktitle = {Proceedings of ACL},
 @series = {ACL '02},
 year = {2002},
 location = {Philadelphia, Pennsylvania},
 pages = {449--456},
 numpages = {8},
 url = {http://dx.doi.org/10.3115/1073083.1073159},
 doi = {10.3115/1073083.1073159},
 acmid = {1073159},
}

@inproceedings{ daume04,
	author = {Daum{\'e} III, Hal and Marcu, Daniel},
	title = {Generic Sentence Fusion Is An Ill-Defined Summarization Task},
	booktitle = {Proceedings of the ACL Text Summarization Branches Out Workshop},
	year = {2004},
	pages = {96--103},
	location = {Barcelona, Spain},
}

@inproceedings{ daume05,
 author = {Daum{\'e},III, Hal and Marcu, Daniel},
 title = {Learning as search optimization: approximate large margin methods for structured prediction},
 booktitle = {Proceedings of ICML},
  year = {2005},
 isbn = {1-59593-180-5},
 location = {Bonn, Germany},
 pages = {169--176},
 numpages = {8},
 url = {http://doi.acm.org/10.1145/1102351.1102373},
 doi = {http://doi.acm.org/10.1145/1102351.1102373},
 acmid = {1102373},
}

@inproceedings{ deloupy10,
 title={A French Human Reference Corpus for multi-documents summarization and
sentence compression},
 author={de Loupy, Claude and Guigan, Marie and Ayache, Christelle and Seng,
Somara and Torres-Moreno, Juan-Manuel},
 booktitle={International Conference on Language Resources and Evaluation
(LREC’10)},
 year={2010},
 organization={LREC}
}

@inproceedings{ denero08,
 author = {DeNero, John and Klein, Dan},
 title = {The complexity of phrase alignment problems},
 booktitle = {Proceedings of ACL-HLT},
 year = {2008},
 location = {Columbus, Ohio},
 pages = {25--28},
 numpages = {4},
 url = {http://portal.acm.org/citation.cfm?id=1557690.1557698},
 acmid = {1557698},
}

@inproceedings{ denero11,
 author = {DeNero, John and Macherey, Klaus},
 title = {Model-based aligner combination using dual decomposition},
 booktitle = {Proceedings of ACL-HLT},
 @series = {HLT '11},
 year = {2011},
 isbn = {978-1-932432-87-9},
 location = {Portland, Oregon},
 pages = {420--429},
 numpages = {10},
 url = {http://dl.acm.org/citation.cfm?id=2002472.2002526},
 acmid = {2002526},
}

@inproceedings{ doddington02,
 author = {Doddington, George},
 title = {Automatic evaluation of machine translation quality using n-gram co-occurrence statistics},
 booktitle = {Proceedings of HLT},
 year = {2002},
 location = {San Diego, California},
 pages = {138--145},
 numpages = {8},
 url = {http://portal.acm.org/citation.cfm?id=1289189.1289273},
 acmid = {1289273},
}

@inproceedings{ dorr03,
 author = {Dorr, Bonnie and Zajic, David and Schwartz, Richard},
 title = {{Hedge Trimmer}: a parse-and-trim approach to headline generation},
 booktitle = {Proceedings of the HLT-NAACL DUC03 Workshop on Text Summarization},
 @series = {HLT-NAACL-DUC '03},
 year = {2003},
 pages = {1--8},
 numpages = {8},
 url = {http://dx.doi.org/10.3115/1119467.1119468},
 doi = {10.3115/1119467.1119468},
 acmid = {1119468},
}

@inproceedings{ dras97,
  author = {Mark Dras},
  title = {Reluctant Paraphrase: Textual Restructuring under an Optimisation Model},
  booktitle = {Proceedings of PacLing},
  year = {1997},
  pages = {98--104},
  ee = {http://arxiv.org/abs/cmp-lg/9707001},
}

@article{ edmonds67,
        author = {Edmonds, Jack R.},
        title = {Optimum branchings},
        journal = {Journal of Research of the National Bureau of Standards},
        volume = {71B},
        year = {1967},
        pages = {233--240},
}

@inproceedings{ eisner96,
 author = {Eisner, Jason M.},
 title = {Three new probabilistic models for dependency parsing: an exploration},
 booktitle = {Proceedings of COLING},
 @series = {COLING '96},
 year = {1996},
 location = {Copenhagen, Denmark},
 pages = {340--345},
 numpages = {6},
 url = {http://dx.doi.org/10.3115/992628.992688},
 doi = {10.3115/992628.992688},
 acmid = {992688},
}

@incollection{ eisner00,
author={Eisner, Jason},
title={Bilexical Grammars and their Cubic-Time Parsing Algorithms},
booktitle={Advances in Probabilistic and Other Parsing Technologies},
year={2000},
isbn={978-90-481-5579-8},
volume={16},
series={Text, Speech and Language Technology},
editor={Bunt, Harry and Nijholt, Anton},
doi={10.1007/978-94-015-9470-7_3},
url={http://dx.doi.org/10.1007/978-94-015-9470-7_3},
publisher={Springer Netherlands},
pages={29-61},
language={English}
}

@inproceedings{ elsner11,
 author = {Elsner, Micha and Santhanam, Deepak},
 title = {Learning to fuse disparate sentences},
 booktitle = {Proceedings of the Workshop on Monolingual Text-To-Text Generation},
 @series = {MTTG '11},
 year = {2011},
 isbn = {9781937284053},
 location = {Portland, Oregon},
 pages = {54--63},
 numpages = {10},
 url = {http://dl.acm.org/citation.cfm?id=2107679.2107686},
 acmid = {2107686},
}

@inproceedings{ filatova04,
 author = {Filatova, Elena and Hatzivassiloglou, Vasileios},
 title = {A formal model for information selection in multi-sentence text extraction},
 booktitle = {Proceedings of COLING},
 @series = {COLING '04},
 year = {2004},
 location = {Geneva, Switzerland},
 articleno = {397},
 url = {http://dx.doi.org/10.3115/1220355.1220412},
 doi = {10.3115/1220355.1220412},
 acmid = {1220412},
}

@inproceedings{ filippova08a,
 author = {Filippova, Katja and Strube, Michael},
 title = {Dependency tree based sentence compression},
 booktitle = {Proceedings of INLG},
 @series = {INLG '08},
 year = {2008},
 location = {Salt Fork, Ohio},
 pages = {25--32},
 numpages = {8},
 url = {http://portal.acm.org/citation.cfm?id=1708322.1708329},
 acmid = {1708329},
}

@inproceedings{ filippova08b,
 author = {Filippova, Katja and Strube, Michael},
 title = {Sentence fusion via dependency graph compression},
 booktitle = {Proceedings of EMNLP},
 @series = {EMNLP '08},
 year = {2008},
 location = {Honolulu, Hawaii},
 pages = {177--185},
 numpages = {9},
 url = {http://dl.acm.org/citation.cfm?id=1613715.1613741},
 acmid = {1613741},
}

@inproceedings{ filippova09,
 author = {Filippova, Katja and Strube, Michael},
 title = {Tree linearization in English: improving language model based approaches},
 booktitle = {Proceedings of HLT-NAACL},
 @series = {NAACL-Short '09},
 year = {2009},
 location = {Boulder, Colorado},
 pages = {225--228},
 numpages = {4},
 url = {http://dl.acm.org/citation.cfm?id=1620853.1620915},
 acmid = {1620915},
}

@inproceedings{ filippova10,
 author = {Filippova, Katja},
 title = {Multi-sentence compression: finding shortest paths in word graphs},
 booktitle = {Proceedings of COLING},
 year = {2010},
 location = {Beijing, China},
 pages = {322--330},
 numpages = {9},
 url = {http://portal.acm.org/citation.cfm?id=1873781.1873818},
 acmid = {1873818},
}

@inproceedings{ filippova13,
 author = {Filippova, Katja and Altun, Yasemin},
 title = {Overcoming the Lack of Parallel Data in Sentence Compression},
 booktitle = {Proceedings of EMNLP},
 @series = {EMNLP '13},
 year = {2013},
 location = {Seattle, Washington},
 pages = {1481--1491},
 numpages = {11},
}

@article{ fischetti97,
author = {Fischetti, Matteo and Vigo, Daniele},
title = {A branch-and-cut algorithm for the resource-constrained minimum-weight arborescence problem},
journal = {Networks},
volume = {29},
number = {1},
publisher = {Wiley Subscription Services, Inc., A Wiley Company},
issn = {1097-0037},
url = {http://dx.doi.org/10.1002/(SICI)1097-0037(199701)29:1<55::AID-NET6>3.0.CO;2-B},
doi = {10.1002/(SICI)1097-0037(199701)29:1<55::AID-NET6>3.0.CO;2-B},
pages = {55--67},
year = {1997},
}

@inproceedings{ furstenau12,
 author = {F\"{u}rstenau, Hagen and Rambow, Owen},
 title = {Unsupervised Induction of a Syntax-Semantics Lexicon Using Iterative Refinement},
 booktitle = {Proceedings of the Joint Conference on Lexical and Computational Semantics (*SEM 2012)},
 @series = {*SEM '12},
 year = {2012},
 location = {Montreal, Canada},
 numpages = {9},
}

@inproceedings{ galanis10,
 author = {Galanis, Dimitrios and Androutsopoulos, Ion},
 title = {An extractive supervised two-stage method for sentence compression},
 booktitle = {Proceedings of HLT-NAACL},
 @series = {HLT '10},
 year = {2010},
 isbn = {1-932432-65-5},
 location = {Los Angeles, California},
 pages = {885--893},
 numpages = {9},
 url = {http://dl.acm.org/citation.cfm?id=1857999.1858130},
 acmid = {1858130},
}

@inproceedings{ galanis11,
 author = {Galanis, Dimitrios and Androutsopoulos, Ion},
 title = {A New Sentence Compression Dataset and Its Use in an Abstractive Generate-and-rank Sentence Compressor},
 booktitle = {Proceedings of the UCNLG+Eval: Language Generation and Evaluation Workshop},
 series = {UCNLG+EVAL '11},
 year = {2011},
 isbn = {978-1-937284-18-3},
 location = {Edinburgh, Scotland},
 pages = {1--11},
 numpages = {11},
 url = {http://dl.acm.org/citation.cfm?id=2187741.2187743},
 acmid = {2187743},
}

@inproceedings{ galley07,
	author    = {Galley, Michel  and  McKeown, Kathleen},
	title     = {Lexicalized {Markov} Grammars for Sentence Compression},
	booktitle = {Proceedings of HLT-NAACL},
	month     = {April},
	year      = {2007},
	location  = {Rochester, New York},
	pages     = {180--187}
}

@inproceedings{ ganitkevitch11,
 author = {Ganitkevitch, Juri and Callison-Burch, Chris and Napoles, Courtney and Van Durme, Benjamin},
 title = {Learning sentential paraphrases from bilingual parallel corpora for text-to-text generation},
 booktitle = {Proceedings of EMNLP},
 @series = {EMNLP '11},
 year = {2011},
 isbn = {978-1-937284-11-4},
 location = {Edinburgh, United Kingdom},
 pages = {1168--1179},
 numpages = {12},
 url = {http://dl.acm.org/citation.cfm?id=2145432.2145556},
 acmid = {2145556},
}

@inproceedings{ gillick09,
 author = {Gillick, Dan and Favre, Benoit},
 title = {A Scalable Global Model for Summarization},
 booktitle = {Proceedings of the Workshop on Integer Linear Programming for Natural Langauge Processing},
 series = {ILP '09},
 year = {2009},
 isbn = {978-1-932432-35-0},
 location = {Boulder, Colorado},
 pages = {10--18},
 numpages = {9},
 url = {http://dl.acm.org/citation.cfm?id=1611638.1611640},
 acmid = {1611640},
}

@inproceedings{ gimpel10,
 author = {Gimpel, Kevin and Smith, Noah A.},
 title = {Softmax-margin CRFs: training log-linear models with cost functions},
 booktitle = {Proceedings of HLT-NAACL},
 @series = {HLT '10},
 year = {2010},
 isbn = {1-932432-65-5},
 location = {Los Angeles, California},
 pages = {733--736},
 numpages = {4},
 url = {http://dl.acm.org/citation.cfm?id=1857999.1858111},
 acmid = {1858111},
}

@article{ guignard90,
author = {Guignard, Monique and Rosenwein, Moshe B.},
title = {An application of {L}agrangean decomposition to the resource-constrained minimum weighted arborescence problem},
journal = {Networks},
volume = {20},
number = {3},
publisher = {Wiley Subscription Services, Inc., A Wiley Company},
issn = {1097-0037},
url = {http://dx.doi.org/10.1002/net.3230200306},
doi = {10.1002/net.3230200306},
pages = {345--359},
year = {1990},
}

@inproceedings{ habash03,
 author = {Habash, Nizar and Dorr, Bonnie},
 title = {A categorial variation database for {E}nglish},
 booktitle = {Proceedings of HLT-NAACL},
 @series = {NAACL '03},
 year = {2003},
 location = {Edmonton, Canada},
 pages = {17--23},
 numpages = {7},
 url = {http://dx.doi.org/10.3115/1073445.1073458},
 doi = {http://dx.doi.org/10.3115/1073445.1073458},
 acmid = {1073458},
}

@inproceedings{ hickl08,
 author = {Hickl, Andrew},
 title = {Using discourse commitments to recognize textual entailment},
 booktitle = {Proceedings of COLING},
 @series = {COLING '08},
 year = {2008},
 isbn = {978-1-905593-44-6},
 location = {Manchester, United Kingdom},
 pages = {337--344},
 numpages = {8},
 url = {http://dl.acm.org/citation.cfm?id=1599081.1599124},
 acmid = {1599124},
}

@article{ hori04,
	author = {Hori, Chiori and Furui, Sadaoki},
	title = {Speech summarization: an approach through word extraction and a method for evaluation},
	journal = {IEICE Transactions on Information and Systems},
	volume = {E87-D},
    number = {1},
	year = {2004},
	pages = {15--25},
}

@inproceedings{ huang06,
 author = {Huang, Liang and Knight, Kevin and Joshi, Aravind},
 title = {Statistical syntax-directed translation with extended domain of locality},
 booktitle = {Proceedings of AMTA},
 year = {2006},
 location = {Boston, Massachusetts},
}

@inproceedings{ huang07,
  author    = {Huang, Liang  and  Chiang, David},
  title     = {Forest Rescoring: Faster Decoding with Integrated Language Models},
  booktitle = {Proceedings of ACL},
  month     = {June},
  year      = {2007},
  location  = {Prague, Czech Republic},
  pages     = {144--151},
  url       = {http://www.aclweb.org/anthology/P07-1019}
}

@inproceedings{ huang10,
 author = {Huang, Liang and Mi, Haitao},
 title = {Efficient incremental decoding for tree-to-string translation},
 booktitle = {Proceedings of EMNLP},
 @series = {EMNLP '10},
 year = {2010},
 location = {Cambridge, Massachusetts},
 pages = {273--283},
 numpages = {11},
 url = {http://dl.acm.org/citation.cfm?id=1870658.1870685},
 acmid = {1870685},
}

@inproceedings{ huang12,
 author = {Huang, Liang and Feyong, Suphan},
 title = {Structured Perceptron with Inexact Search},
 booktitle = {Proceedings of HLT-NAACL},
 @series = {NAACL '12},
 year = {2012},
 location = {Montreal, Canada},
 numpages = {9},
}

@inproceedings{ jha10,
 author = {Jha, Mukund and Andreas, Jacob and Thadani, Kapil and Rosenthal, Sara and McKeown, Kathleen},
 title = {Corpus creation for new genres: A crowdsourced approach to PP attachment},
 booktitle = {Proceedings of the HLT-NAACL Workshop on Creating Speech and Language Data with Amazon's Mechanical Turk},
 @series = {CSLDAMT '10},
 year = {2010},
 location = {Los Angeles, California},
 pages = {13--20},
 numpages = {8},
 url = {http://dl.acm.org/citation.cfm?id=1866696.1866698},
 acmid = {1866698},
}

@inproceedings{ jing00a,
 author = {Jing, Hongyan},
 title = {Sentence reduction for automatic text summarization},
 booktitle = {Proceedings of the Conference on Applied Natural Language Processing},
 @series = {ANLC '00},
 year = {2000},
 location = {Seattle, Washington},
 pages = {310--315},
 numpages = {6},
 url = {http://dx.doi.org/10.3115/974147.974190},
 doi = {10.3115/974147.974190},
 acmid = {974190},
}

@inproceedings{ jing00b,
 author = {Jing, Hongyan and McKeown, Kathleen R.},
 title = {Cut and paste based text summarization},
 booktitle = {Proceedings of NAACL},
 @series = {NAACL 2000},
 year = {2000},
 location = {Seattle, Washington},
 pages = {178--185},
 numpages = {8},
 url = {http://dl.acm.org/citation.cfm?id=974305.974329},
 acmid = {974329},
}

@article{ joshi97,
	author = {Joshi, Aravind K. and Schabes, Yves},
	title = {Tree-adjoining grammars},
	journal = {Handbook of formal languages, Vol. 3: beyond words},
	year = {1997},
	isbn = {3-540-60649-1},
	pages = {69--123},
	publisher = {Springer-Verlag New York, Inc.},
	address = {New York, NY, USA},
}

@article{ klebanov04,
	author = {Klebanov, Beata Beigman and Knight, Kevin and Marcu, Daniel},
	title = {Text Simplification For Information-Seeking Applications},
	journal = {On the Move to Meaningful Internet Systems: Lecture Notes in Computer Science},
	volume = {3290},
	year = {2004},
	pages = {735--747},
	publisher = {Springer-Verlag Berlin Heidelberg},
}

@inproceedings{ knight00,
 author = {Knight, Kevin and Marcu, Daniel},
 title = {Statistics-Based Summarization - Step One: Sentence Compression},
 booktitle = {Proceedings of AAAI},
 year = {2000},
 isbn = {0-262-51112-6},
 pages = {703--710},
 numpages = {8},
 url = {http://dl.acm.org/citation.cfm?id=647288.721086},
 acmid = {721086},
}

@article{ knight02,
 author = {Knight, Kevin and Marcu, Daniel},
 title = {Summarization beyond sentence extraction: a probabilistic approach to sentence compression},
 journal = {Artificial Intelligence},
 issue_date = {July 2002},
 volume = {139},
 number = {1},
 month = jul,
 year = {2002},
 issn = {0004-3702},
 pages = {91--107},
 numpages = {17},
 url = {http://dx.doi.org/10.1016/S0004-3702(02)00222-9},
 doi = {10.1016/S0004-3702(02)00222-9},
 acmid = {604207},
 publisher = {Elsevier Science Publishers Ltd.},
 address = {Essex, UK},
 keywords = {compression, noisy-channel model, summarization},
}

@inproceedings{ koehn03,
 author = {Koehn, Philipp and Och, Franz Josef and Marcu, Daniel},
 title = {Statistical phrase-based translation},
 booktitle = {Proceedings of HLT-NAACL},
 @series = {NAACL '03},
 year = {2003},
 location = {Edmonton, Canada},
 pages = {48--54},
 numpages = {7},
 url = {http://dx.doi.org/10.3115/1073445.1073462},
 doi = {10.3115/1073445.1073462},
 acmid = {1073462},
}

@inproceedings{ komodakis07,
author={Komodakis, Nikos and Paragios, Nikos and Tziritas, Georgios},
booktitle={Proceedings of ICCV},
title={{MRF} Optimization via Dual Decomposition: Message-Passing Revisited},
year={2007},
month={Oct.},
volume={},
number={},
pages={1--8},
keywords={MRF optimization;computer vision;dual decomposition;message passing scheme;computer vision;message passing;nonlinear programming;},
doi={10.1109/ICCV.2007.4408890},
ISSN={1550-5499},
}

@inproceedings{ koo10a,
 author = {Koo, Terry and Collins, Michael},
 title = {Efficient Third-order Dependency Parsers},
 booktitle = {Proceedings of ACL},
 series = {ACL '10},
 year = {2010},
 location = {Uppsala, Sweden},
 pages = {1--11},
 numpages = {11},
 url = {http://dl.acm.org/citation.cfm?id=1858681.1858682},
 acmid = {1858682},
}

@inproceedings{ koo10b,
 author = {Koo, Terry and Rush, Alexander M. and Collins, Michael and Jaakkola, Tommi and Sontag, David},
 title = {Dual decomposition for parsing with non-projective head automata},
 booktitle = {Proceedings of EMNLP},
 @series = {EMNLP '10},
 year = {2010},
 location = {Cambridge, Massachusetts},
 pages = {1288--1298},
 numpages = {11},
 url = {http://dl.acm.org/citation.cfm?id=1870658.1870783},
 acmid = {1870783},
}

@inproceedings{ kotlerman09,
 author = {Kotlerman, Lili and Dagan, Ido and Szpektor, Idan and Zhitomirsky-Geffet, Maayan},
 title = {Directional distributional similarity for lexical expansion},
 booktitle = {Proceedings of ACL-IJCNLP},
 @series = {ACLShort '09},
 year = {2009},
 location = {Suntec, Singapore},
 pages = {69--72},
 numpages = {4},
 url = {http://dl.acm.org/citation.cfm?id=1667583.1667606},
 acmid = {1667606},
}

@inproceedings{ krahmer08,
 author = {Krahmer, Emiel and Marsi, Erwin and van Pelt, Paul},
 title = {Query-based sentence fusion is better defined and leads to more preferred results than generic sentence fusion},
 booktitle = {Proceedings of ACL-HLT},
 @series = {HLT-Short '08},
 year = {2008},
 location = {Columbus, Ohio},
 pages = {193--196},
 numpages = {4},
 url = {http://dl.acm.org/citation.cfm?id=1557690.1557745},
 acmid = {1557745},
}

@inproceedings{ kulesza07,
  author = {Kulesza, Alex and Pereira, Fernando},
  biburl = {http://www.bibsonomy.org/bibtex/2fcbc86e66b4017ddaad1e7c2043ebbfa/dblp},
  booktitle = {NIPS},
  crossref = {conf/nips/2007},
  editor = {Platt, John C. and Koller, Daphne and Singer, Yoram and Roweis, Sam T.},
  ee = {http://books.nips.cc/papers/files/nips20/NIPS2007_0809.pdf},
  interhash = {48334e8c29281c9a23e454836da27ec8},
  intrahash = {fcbc86e66b4017ddaad1e7c2043ebbfa},
  keywords = {dblp},
  publisher = {Curran Associates, Inc.},
  timestamp = {2009-01-20T00:00:00.000+0100},
  title = {Structured Learning with Approximate Inference.},
  url = {http://dblp.uni-trier.de/db/conf/nips/nips2007.html#KuleszaP07},
  year = {2007},
}

@inproceedings{ lafferty01,
 author = {Lafferty, John D. and McCallum, Andrew and Pereira, Fernando C. N.},
 title = {Conditional Random Fields: Probabilistic Models for Segmenting and Labeling Sequence Data},
 booktitle = {Proceedings of ICML},
 @series = {ICML '01},
 year = {2001},
 isbn = {1-55860-778-1},
 pages = {282--289},
 numpages = {8},
 url = {http://dl.acm.org/citation.cfm?id=645530.655813},
 acmid = {655813},
}

@inproceedings{ langkilde98,
 author = {Langkilde, Irene and Knight, Kevin},
 title = {Generation that exploits corpus-based statistical knowledge},
 booktitle = {Proceedings of ACL-COLING},
 @series = {ACL '98},
 year = {1998},
 location = {Montreal, Quebec, Canada},
 pages = {704--710},
 numpages = {7},
 url = {http://dx.doi.org/10.3115/980845.980963},
 doi = {10.3115/980845.980963},
 acmid = {980963},
}

@article{ lau06,
title = "Finding a length-constrained maximum-sum or maximum-density subtree and its application to logistics",
journal = "Discrete Optimization",
volume = "3",
number = "4",
pages = "385 - 391",
year = "2006",
note = "",
issn = "1572-5286",
doi = "10.1016/j.disopt.2006.06.002",
url = "http://www.sciencedirect.com/science/article/pii/S157252860600048X",
author = "Hoong Chuin Lau and Trung Hieu Ngo and Bao Nguyen Nguyen",
keywords = "Network design",
keywords = "Algorithm",
keywords = "Computational complexity",
keywords = "Logistics"
}

@InProceedings{ li13,
  author    = {Li, Chen  and  Liu, Fei  and  Weng, Fuliang  and  Liu, Yang},
  title     = {Document Summarization via Guided Sentence Compression},
  booktitle = {Proceedings of EMNLP},
  month     = {October},
  year      = {2013},
  address   = {Seattle, Washington, USA},
  pages     = {490--500},
  url       = {http://www.aclweb.org/anthology/D13-1047}
}

@inproceedings{ liang06,
 author = {Liang, Percy and Taskar, Ben and Klein, Dan},
 title = {Alignment by agreement},
 booktitle = {Proceedings of HLT-NAACL},
 @series = {HLT-NAACL '06},
 year = {2006},
 location = {New York, New York},
 pages = {104--111},
 numpages = {8},
 url = {http://dx.doi.org/10.3115/1220835.1220849},
 doi = {10.3115/1220835.1220849},
 acmid = {1220849},
}

@inproceedings{ lin01,
 author = {Lin, Dekang and Pantel, Patrick},
 title = {{DIRT}: Discovery of inference rules from text},
 booktitle = {Proceedings of KDD},
 @series = {KDD '01},
 year = {2001},
 isbn = {1-58113-391-X},
 location = {San Francisco, California},
 pages = {323--328},
 numpages = {6},
 url = {http://doi.acm.org/10.1145/502512.502559},
 doi = {10.1145/502512.502559},
 acmid = {502559},
}

@inproceedings{ lin10,
 author = {Lin, Hui and Bilmes, Jeff},
 title = {Multi-document summarization via budgeted maximization of submodular functions},
 booktitle = {Proceedings of HLT-NAACL},
 @series = {HLT '10},
 year = {2010},
 isbn = {1-932432-65-5},
 location = {Los Angeles, California},
 pages = {912--920},
 numpages = {9},
 url = {http://dl.acm.org/citation.cfm?id=1857999.1858133},
 acmid = {1858133},
}

@inproceedings{ lin11,
 author = {Lin, Hui and Bilmes, Jeff},
 title = {A class of submodular functions for document summarization},
 booktitle = {Proceedings of ACL-HLT},
 @series = {HLT '11},
 year = {2011},
 isbn = {978-1-932432-87-9},
 location = {Portland, Oregon},
 pages = {510--520},
 numpages = {11},
 url = {http://dl.acm.org/citation.cfm?id=2002472.2002537},
 acmid = {2002537},
}

@inproceedings{ liu06,
 author = {Liu, Yang and Liu, Qun and Lin, Shouxun},
 title = {Tree-to-string alignment template for statistical machine translation},
 booktitle = {Proceedings of ACL-COLING},
 @series = {ACL-44},
 year = {2006},
 location = {Sydney, Australia},
 pages = {609--616},
 numpages = {8},
 url = {http://dx.doi.org/10.3115/1220175.1220252},
 doi = {10.3115/1220175.1220252},
 acmid = {1220252},
}

@inproceedings{ lluis09,
 author = {Llu\'{\i}s, Xavier and Bott, Stefan and M\`{a}rquez, Llu\'{\i}s},
 title = {A Second-order Joint Eisner Model for Syntactic and Semantic Dependency Parsing},
 booktitle = {Proceedings of CoNLL},
 series = {CoNLL '09},
 year = {2009},
 isbn = {978-1-932432-29-9},
 location = {Boulder, Colorado},
 pages = {79--84},
 numpages = {6},
 url = {http://dl.acm.org/citation.cfm?id=1596409.1596423},
 acmid = {1596423},
}

@inproceedings{ maccartney08a,
 author = {MacCartney, Bill and Manning, Christopher D.},
 title = {Modeling semantic containment and exclusion in natural language inference},
 booktitle = {Proceedings of COLING},
 @series = {COLING '08},
 year = {2008},
 isbn = {978-1-905593-44-6},
 location = {Manchester, United Kingdom},
 pages = {521--528},
 numpages = {8},
 url = {http://dl.acm.org/citation.cfm?id=1599081.1599147},
 acmid = {1599147},
}

@inproceedings{ maccartney08b,
 author = {MacCartney, Bill and Galley, Michel and Manning, Christopher D.},
 title = {A phrase-based alignment model for natural language inference},
 booktitle = {Proceedings of EMNLP},
 @series = {EMNLP '08},
 year = {2008},
 location = {Honolulu, Hawaii},
 pages = {802--811},
 numpages = {10},
 url = {http://dl.acm.org/citation.cfm?id=1613715.1613817},
 acmid = {1613817},
}

@inproceedings{ maccartney09,
 author = {MacCartney, Bill and Manning, Christopher D.},
 title = {An extended model of natural logic},
 booktitle = {Proceedings of the International Conference on Computational Semantics},
 @series = {IWCS-8 '09},
 year = {2009},
 isbn = {978-90-74029-34-6},
 location = {Tilburg, The Netherlands},
 pages = {140--156},
 numpages = {17},
 url = {http://dl.acm.org/citation.cfm?id=1693756.1693772},
 acmid = {1693772},
}

@inproceedings{ madnani07,
    author = {Nitin Madnani and David Zajic and Bonnie Dorr and Necip Fazil Ayan and Jimmy Lin},
    title = {Multiple alternative sentence compressions for automatic text summarization},
    booktitle = {Proceedings of the Document Understanding Conference (DUC) at HLT-NAACL},
    year = {2007}
}

@article{ madnani10,
 author = {Madnani, Nitin and Dorr, Bonnie J.},
 title = {Generating phrasal and sentential paraphrases: A survey of data-driven methods},
 journal = {Computational Linguistics},
 year = {2010},
 issue_date = {September 2010},
 volume = {36},
 number = {3},
 issn = {0891-2017},
 pages = {341--387},
 numpages = {47},
 url = {http://dx.doi.org/10.1162/coli_a_00002},
 doi = {10.1162/coli_a_00002},
 acmid = {1950491},
 publisher = {MIT Press},
 address = {Cambridge, MA, USA},
}

@inproceedings{ magnanti94,
 author = {Magnanti, Thomas L. and Wolsey, Laurence A.},
 title = {Optimal Trees},
 booktitle = {Technical Report 290-94, Massechusetts Institute of Technology, Operations Research Center},
 year = {1994},
}

@inproceedings{ marsi05,
	author = {Marsi, Erwin and Krahmer, Emiel},
	title = {Explorations in Sentence Fusion},
	booktitle = {Proceedings of the European Workshop on Natural Language Generation},
	year = {2005},
	pages = {109--117},
	location = {Aberdeen, Scotland},
}

@incollection{ marsi10,
 author = {Marsi, Erwin and Krahmer, Emiel and Hendrickx, Iris and Daelemans, Walter},
 title = {On the limits of sentence compression by deletion},
 booktitle = {Empirical Methods in Natural Language Generation},
 editor = {Krahmer, Emiel and Theune, Mari\"{e}t},
 year = {2010},
 isbn = {3-642-15572-3, 978-3-642-15572-7},
 pages = {45--66},
 numpages = {22},
 url = {http://portal.acm.org/citation.cfm?id=1880370.1880374},
 acmid = {1880374},
 publisher = {Springer-Verlag},
 address = {Berlin, Heidelberg},
}

@inproceedings{ martin11,
 author = {Martin, Scott and White, Michael},
 title = {Creating disjunctive logical forms from aligned sentences for grammar-based paraphrase generation},
 booktitle = {Proceedings of the Workshop on Monolingual Text-To-Text Generation},
 @series = {MTTG '11},
 year = {2011},
 isbn = {9781937284053},
 location = {Portland, Oregon},
 pages = {74--83},
 numpages = {10},
 url = {http://dl.acm.org/citation.cfm?id=2107679.2107688},
 acmid = {2107688},
}

@inproceedings{ martins09a,
 author = {Martins, Andr{\'e} F. T. and Smith, Noah A.},
 title = {Summarization with a joint model for sentence extraction and compression},
 booktitle = {Proceedings of the Workshop on Integer Linear Programming for Natural Langauge Processing},
 @series = {ILP '09},
 year = {2009},
 isbn = {978-1-932432-35-0},
 location = {Boulder, Colorado},
 pages = {1--9},
 numpages = {9},
 url = {http://dl.acm.org/citation.cfm?id=1611638.1611639},
 acmid = {1611639},
}

@inproceedings{ martins09b,
 author = {Martins, Andr{\'e} F. T. and Smith, Noah A. and Xing, Eric P.},
 title = {Polyhedral outer approximations with application to natural language parsing},
 booktitle = {Proceedings of ICML},
 @series = {ICML '09},
 year = {2009},
 isbn = {978-1-60558-516-1},
 location = {Montreal, Quebec, Canada},
 pages = {713--720},
 numpages = {8},
 url = {http://doi.acm.org/10.1145/1553374.1553466},
 doi = {10.1145/1553374.1553466},
 acmid = {1553466},
}

@inproceedings{ martins09c,
 author = {Martins, Andr{\'e} F. T. and Smith, Noah A. and Xing, Eric P.},
 title = {Concise integer linear programming formulations for dependency parsing},
 booktitle = {Proceedings of ACL-IJCNLP},
 year = {2009},
 isbn = {978-1-932432-45-9},
 location = {Suntec, Singapore},
 pages = {342--350},
 numpages = {9},
 url = {http://portal.acm.org/citation.cfm?id=1687878.1687928},
 acmid = {1687928},
}

@inproceedings{ martins10,
 author = {Martins, Andr{\'e} F. T. and Smith, Noah A. and Xing, Eric P. and Aguiar, Pedro M. Q. and Figueiredo, M{\'a}rio A. T.},
 title = {Turbo parsers: dependency parsing by approximate variational inference},
 booktitle = {Proceedings of EMNLP},
 @series = {EMNLP '10},
 year = {2010},
 location = {Cambridge, Massachusetts},
 pages = {34--44},
 numpages = {11},
 url = {http://dl.acm.org/citation.cfm?id=1870658.1870662},
 acmid = {1870662},
}

@inproceedings{ martins11a,
 author = {Martins, Andr{\'e} F. T. and Figueiredo, M{\'a}rio A. T. and Aguiar, Pedro M. Q. and Smith, Noah A. and Xing, Eric P.},
 title = {An Augmented {L}agrangian Approach to Constrained MAP Inference},
 booktitle = {Proceedings of ICML},
 @series = {ICML '11},
 year = {2011},
 location = {Bellevue, Washington},
}

@inproceedings{ martins11b,
 author = {Martins, Andr{\'e} F. T. and Smith, Noah A. and Aguiar, Pedro M. Q. and Figueiredo, M{\'a}rio A. T.},
 title = {Dual decomposition with many overlapping components},
 booktitle = {Proceedings of EMNLP},
 @series = {EMNLP '11},
 year = {2011},
 isbn = {978-1-937284-11-4},
 location = {Edinburgh, United Kingdom},
 pages = {238--249},
 numpages = {12},
 url = {http://dl.acm.org/citation.cfm?id=2145432.2145460},
 acmid = {2145460},
}

@InProceedings{ martins13,
  author    = {Martins, Andre  and  Almeida, Miguel  and  Smith, Noah A.},
  title     = {Turning on the Turbo: Fast Third-Order Non-Projective Turbo Parsers},
  booktitle = {Proceedings of ACL},
  month     = {August},
  year      = {2013},
  address   = {Sofia, Bulgaria},
  pages     = {617--622},
  url       = {http://www.aclweb.org/anthology/P13-2109}
}

@inproceedings{ mcdonald05a,
 author = {McDonald, Ryan and Crammer, Koby and Pereira, Fernando},
 title = {Online large-margin training of dependency parsers},
 booktitle = {Proceedings of ACL},
 @series = {ACL '05},
 year = {2005},
 location = {Ann Arbor, Michigan},
 pages = {91--98},
 numpages = {8},
 url = {http://dx.doi.org/10.3115/1219840.1219852},
 doi = {10.3115/1219840.1219852},
 acmid = {1219852},
}

@inproceedings{ mcdonald05b,
 author = {McDonald, Ryan and Pereira, Fernando and Ribarov, Kiril and Haji\v{c}, Jan},
 title = {Non-projective dependency parsing using spanning tree algorithms},
 booktitle = {Proceedings of EMNLP-HLT},
 @series = {HLT '05},
 year = {2005},
 location = {Vancouver, British Columbia, Canada},
 pages = {523--530},
 numpages = {8},
 url = {http://dx.doi.org/10.3115/1220575.1220641},
 doi = {10.3115/1220575.1220641},
 acmid = {1220641},
}

@inproceedings{ mcdonald06a,
	author = {McDonald, Ryan},
	title = {Discriminative Sentence Compression with Soft Syntactic Evidence},
	booktitle = {Proceedings of EACL},
	year = {2006},
	pages = {297--304},
	location = {Trento, Italy},
}

@inproceedings{ mcdonald06b,
  author = {McDonald, Ryan and Pereira, Fernando},
  title = {Online learning of approximate dependency parsing algorithms},
  booktitle = {Proceedings of EACL},
  pages = {81--88},
  year = {2006},
  location = {Trento, Italy},
}

@inproceedings{ mcdonald07a,
 author = {McDonald, Ryan and Satta, Giorgio},
 title = {On the complexity of non-projective data-driven dependency parsing},
 booktitle = {Proceedings of the International Conference on Parsing Technologies},
 @series = {IWPT '07},
 year = {2007},
 isbn = {978-1-932432-90-9},
 location = {Prague, Czech REpublic},
 pages = {121--132},
 numpages = {12},
 url = {http://dl.acm.org/citation.cfm?id=1621410.1621426},
 acmid = {1621426},
}

@inproceedings{ mcdonald07b,
 author = {McDonald, Ryan},
 title = {A study of global inference algorithms in multi-document summarization},
 booktitle = {Proceedings of the European conference on IR research},
 @series = {ECIR'07},
 year = {2007},
 isbn = {978-3-540-71494-1},
 location = {Rome, Italy},
 pages = {557--564},
 numpages = {8},
 url = {http://dl.acm.org/citation.cfm?id=1763653.1763720},
 acmid = {1763720},
 publisher = {Springer-Verlag},
 address = {Berlin, Heidelberg},
}

@inproceedings{ mcdonald10,
 author = {McDonald, Ryan and Hall, Keith and Mann, Gideon},
 title = {Distributed training strategies for the structured perceptron},
 booktitle = {Proceedings of HLT-NAACL},
 year = {2010},
 isbn = {1-932432-65-5},
 location = {Los Angeles, California},
 pages = {456--464},
 numpages = {9},
 url = {http://portal.acm.org/citation.cfm?id=1857999.1858068},
 acmid = {1858068},
}

@inproceedings{ mckeown10,
 author = {McKeown, Kathleen and Rosenthal, Sara and Thadani, Kapil and Moore, Coleman},
 title = {Time-efficient creation of an accurate sentence fusion corpus},
 booktitle = {Proceedings of HLT-NAACL},
 @series = {HLT '10},
 year = {2010},
 isbn = {1-932432-65-5},
 location = {Los Angeles, California},
 pages = {317--320},
 numpages = {4},
 url = {http://dl.acm.org/citation.cfm?id=1857999.1858043},
 acmid = {1858043},
}

@article{ miller95,
 author = {Miller, George A.},
 title = {WordNet: a lexical database for English},
 journal = {Communications of the ACM},
 volume = {38},
 issue = {11},
 month = {November},
 year = {1995},
 issn = {0001-0782},
 pages = {39--41},
 numpages = {3},
 url = {http://doi.acm.org/10.1145/219717.219748},
 doi = {http://doi.acm.org/10.1145/219717.219748},
 acmid = {219748},
 publisher = {ACM},
 address = {New York, NY, USA},
}

@inproceedings{ molina13,
 title={Discursive Sentence Compression},
 author={Molina, Alejandro and Torres-Moreno, Juan-Manuel and SanJuan, Eric
and da Cunha, Iria and Sierra Mart{\'\i}nez, Gerardo Eugenio},
 booktitle={Computational Linguistics and Intelligent Text Processing},
 volume={7817},
 pages={394--407},
 year={2013},
 organization={Springer}
}

@inproceedings{ napoles11a,
 author = {Napoles, Courtney and Van Durme, Benjamin and Callison-Burch, Chris},
 title = {Evaluating sentence compression: pitfalls and suggested remedies},
 booktitle = {Proceedings of the Workshop on Monolingual Text-To-Text Generation},
 @series = {MTTG '11},
 year = {2011},
 isbn = {9781937284053},
 location = {Portland, Oregon},
 pages = {91--97},
 numpages = {7},
 url = {http://dl.acm.org/citation.cfm?id=2107679.2107690},
 acmid = {2107690},
}

@inproceedings{ napoles11b,
 author = {Napoles, Courtney and Callison-Burch, Chris and Ganitkevitch, Juri and Van Durme, Benjamin},
 title = {Paraphrastic sentence compression with a character-based metric: tightening without deletion},
 booktitle = {Proceedings of the Workshop on Monolingual Text-To-Text Generation},
 @series = {MTTG '11},
 year = {2011},
 isbn = {9781937284053},
 location = {Portland, Oregon},
 pages = {84--90},
 numpages = {7},
 url = {http://dl.acm.org/citation.cfm?id=2107679.2107689},
 acmid = {2107689},
}

@inproceedings{ narayanan12,
 author = {Narayanan, Arvind and Paskov, Hristo and Gong, Neil Zhenqiang and Bethencourt, John and Stefanov, Emil and Shin, Eui Chul Richard and Song, Dawn},
 title = {On the Feasibility of Internet-Scale Author Identification},
 booktitle = {IEEE Symposium on Security and Privacy},
 year = {2012},
 location = {San Francisco, California},
 numpages = {15},
}

@inproceedings{ negri10,
 author = {Negri, Matteo and Mehdad, Yashar},
 title = {Creating a bilingual entailment corpus through translations with Mechanical Turk: \$100 for a 10-day rush},
 booktitle = {Proceedings of the HLT-NAACL Workshop on Creating Speech and Language Data with Amazon's Mechanical Turk},
 year = {2010},
 location = {Los Angeles, California},
 pages = {212--216},
 numpages = {5},
 url = {http://portal.acm.org/citation.cfm?id=1866696.1866730},
 acmid = {1866730},
}

@article{ nenkova07,
 author = {Nenkova, Ani and Passonneau, Rebecca and McKeown, Kathleen},
 title = {The Pyramid Method: Incorporating human content selection variation in summarization evaluation},
 journal = {ACM Transactions on Speech and Language Processing},
 issue_date = {May 2007},
 volume = {4},
 number = {2},
 month = {May},
 year = {2007},
 issn = {1550-4875},
 articleno = {4},
 url = {http://doi.acm.org/10.1145/1233912.1233913},
 doi = {10.1145/1233912.1233913},
 acmid = {1233913},
 publisher = {ACM},
 address = {New York, NY, USA},
 keywords = {Evaluation, semantic analysis, summarization},
}

@inproceedings{ nivre05,
 author = {Nivre, Joakim and Nilsson, Jens},
 title = {Pseudo-projective Dependency Parsing},
 booktitle = {Proceedings of ACL},
 series = {ACL '05},
 year = {2005},
 location = {Ann Arbor, Michigan},
 pages = {99--106},
 numpages = {8},
 url = {http://dx.doi.org/10.3115/1219840.1219853},
 doi = {10.3115/1219840.1219853},
 acmid = {1219853},
}

@article{ nomoto07,
 author = {Nomoto, Tadashi},
 title = {Discriminative sentence compression with conditional random fields},
 journal = {Information Processing and Management},
 issue_date = {November, 2007},
 volume = {43},
 number = {6},
 month = nov,
 year = {2007},
 issn = {0306-4573},
 pages = {1571--1587},
 numpages = {17},
 url = {http://dx.doi.org/10.1016/j.ipm.2007.01.025},
 doi = {10.1016/j.ipm.2007.01.025},
 acmid = {1285162},
 publisher = {Pergamon Press, Inc.},
 address = {Tarrytown, NY, USA},
 keywords = {Conditional random fields, Machine learning, Natural language syntax, RSS, Sentence compression, Sequence alignment},
}

@inproceedings{ nomoto09,
 author = {Nomoto, Tadashi},
 title = {A Comparison of Model Free Versus Model Intensive Approaches to Sentence Compression},
 booktitle = {Proceedings of EMNLP},
 series = {EMNLP '09},
 year = {2009},
 isbn = {978-1-932432-59-6},
 location = {Singapore},
 pages = {391--399},
 numpages = {9},
 url = {http://dl.acm.org/citation.cfm?id=1699510.1699562},
 acmid = {1699562},
}

@article{ och03,
 author = {Och, Franz Josef and Ney, Hermann},
 title = {A systematic comparison of various statistical alignment models},
 journal = {Computational Linguistics},
 issue_date = {March 2003},
 volume = {29},
 issue = {1},
 month = {March},
 year = {2003},
 issn = {0891-2017},
 pages = {19--51},
 numpages = {33},
 url = {http://dx.doi.org/10.1162/089120103321337421},
 doi = {http://dx.doi.org/10.1162/089120103321337421},
 acmid = {778824},
 publisher = {MIT Press},
 address = {Cambridge, MA, USA},
}

@article{ palmer05,
 author = {Palmer, Martha and Gildea, Daniel and Kingsbury, Paul},
 title = {The Proposition Bank: An Annotated Corpus of Semantic Roles},
 journal = {Computational Linguistics},
 issue_date = {March 2005},
 volume = {31},
 number = {1},
 month = mar,
 year = {2005},
 issn = {0891-2017},
 pages = {71--106},
 numpages = {36},
 url = {http://dx.doi.org/10.1162/0891201053630264},
 doi = {10.1162/0891201053630264},
 acmid = {1122628},
 publisher = {MIT Press},
 address = {Cambridge, MA, USA},
}

@inproceedings{ pang03,
 author = {Pang, Bo and Knight, Kevin and Marcu, Daniel},
 title = {Syntax-based alignment of multiple translations: extracting paraphrases and generating new sentences},
 booktitle = {Proceedings of HLT-NAACL},
 @series = {NAACL '03},
 year = {2003},
 location = {Edmonton, Canada},
 pages = {102--109},
 numpages = {8},
 url = {http://dx.doi.org/10.3115/1073445.1073469},
 doi = {10.3115/1073445.1073469},
 acmid = {1073469},
}

@inproceedings{ papineni02,
 author = {Papineni, Kishore and Roukos, Salim and Ward, Todd and Zhu, Wei-Jing},
 title = {BLEU: a method for automatic evaluation of machine translation},
 booktitle = {Proceedings of ACL},
 @series = {ACL '02},
 year = {2002},
 location = {Philadelphia, Pennsylvania},
 pages = {311--318},
 numpages = {8},
 url = {http://dx.doi.org/10.3115/1073083.1073135},
 doi = {10.3115/1073083.1073135},
 acmid = {1073135},
}

@inproceedings{ prasad08,
  author = {Prasad, Rashmi and Dinesh, Nikhil and Lee, Alan and Miltsakaki, Eleni and Robaldo, Livio and Joshi, Aravind and Webber, Bonnie},
  title = {{The Penn Discourse TreeBank 2.0.}},
  booktitle = {Proceedings of LREC},
  year = {2008},
  month = may,
  date = {28-30},
  location = {Marrakech, Morocco},
  isbn = {2-9517408-4-0},
  language = {english}
}

@InProceedings{ qian13,
  author    = {Qian, Xian and Liu, Yang},
  title     = {Fast Joint Compression and Summarization via Graph Cuts},
  booktitle = {Proceedings of EMNLP},
  month     = {October},
  year      = {2013},
  address   = {Seattle, Washington, USA},
  pages     = {1492--1502},
  url       = {http://www.aclweb.org/anthology/D13-1156}
}

@inproceedings{ quirk04,
	author = {Quirk, Chris and Brockett, Chris and Dolan, William B.},
	title = {Monolingual Machine Translation for Paraphrase Generation},
	booktitle = {Proceedings of EMNLP},
	year = {2004},
	pages = {142--149},
	location = {Barcelona, Spain},
}

@inproceedings{ riedel06,
 author = {Riedel, Sebastian and Clarke, James},
 title = {Incremental integer linear programming for non-projective dependency parsing},
 booktitle = {Proceedings of EMNLP},
 @series = {EMNLP '06},
 year = {2006},
 isbn = {1-932432-73-6},
 location = {Sydney, Australia},
 pages = {129--137},
 numpages = {9},
 url = {http://dl.acm.org/citation.cfm?id=1610075.1610095},
 acmid = {1610095},
}

@inproceedings{ riezler03,
 author = {Riezler, Stefan and King, Tracy H. and Crouch, Richard and Zaenen, Annie},
 title = {Statistical sentence condensation using ambiguity packing and stochastic disambiguation methods for Lexical-Functional Grammar},
 booktitle = {Proceedings of HLT-NAACL},
 @series = {NAACL '03},
 year = {2003},
 location = {Edmonton, Canada},
 pages = {118--125},
 numpages = {8},
 url = {http://dx.doi.org/10.3115/1073445.1073471},
 doi = {10.3115/1073445.1073471},
 acmid = {1073471},
}

@inproceedings{ rush10,
 author = {Rush, Alexander M. and Sontag, David and Collins, Michael and Jaakkola, Tommi},
 title = {On dual decomposition and linear programming relaxations for natural language processing},
 booktitle = {Proceedings of EMNLP},
 @series = {EMNLP '10},
 year = {2010},
 location = {Cambridge, Massachusetts},
 pages = {1--11},
 numpages = {11},
 url = {http://dl.acm.org/citation.cfm?id=1870658.1870659},
 acmid = {1870659},
}

@inproceedings{ rush11,
 author = {Rush, Alexander M. and Collins, Michael},
 title = {Exact decoding of syntactic translation models through {L}agrangian relaxation},
 booktitle = {Proceedings of ACL-HLT},
 @series = {HLT '11},
 year = {2011},
 isbn = {978-1-932432-87-9},
 location = {Portland, Oregon},
 pages = {72--82},
 numpages = {11},
 url = {http://dl.acm.org/citation.cfm?id=2002472.2002482},
 acmid = {2002482},
}

@inproceedings{ shnarch09,
 author = {Shnarch, Eyal and Barak, Libby and Dagan, Ido},
 title = {Extracting lexical reference rules from Wikipedia},
 booktitle = {Proceedings of ACL-IJCNLP},
 @series = {ACL '09},
 year = {2009},
 isbn = {978-1-932432-45-9},
 location = {Suntec, Singapore},
 pages = {450--458},
 numpages = {9},
 url = {http://dl.acm.org/citation.cfm?id=1687878.1687942},
 acmid = {1687942},
}

@inproceedings{ siddhartan04,
 author = {Siddharthan, Advaith and Nenkova, Ani and McKeown, Kathleen},
 title = {Syntactic simplification for improving content selection in multi-document summarization},
 booktitle = {Proceedings of COLING},
 @series = {COLING '04},
 year = {2004},
 location = {Geneva, Switzerland},
 articleno = {896},
 url = {http://dx.doi.org/10.3115/1220355.1220484},
 doi = {10.3115/1220355.1220484},
 acmid = {1220484},
}

@article{ siddhartan06,
  author = {Siddharthan, Advaith},
  title = {Syntactic Simplification and Text Cohesion},
  journal = {Research on Language and Computation},
  volume = {4},
  number = {1},
  month = {June},
  year = {2006},
  pages = {77--109},
  doi = {10.1007/s11168-006-9011-1},
  issn = {1570-7075},
  posted-at = {2006-06-07 17:14:34},
  publisher = {Springer-Verlag Berlin Heidelberg},
  url = {http://dx.doi.org/10.1007/s11168-006-9011-1},
}

@inproceedings{ smith06,
 author = {Smith, David A. and Eisner, Jason},
 title = {Quasi-synchronous grammars: alignment by soft projection of syntactic dependencies},
 booktitle = {Proceedings of the Workshop on Statistical Machine Translation},
 @series = {StatMT '06},
 year = {2006},
 location = {New York City, New York},
 pages = {23--30},
 numpages = {8},
 url = {http://dl.acm.org/citation.cfm?id=1654650.1654655},
 acmid = {1654655},
}

@inproceedings{ snow06,
 author = {Snow, Rion and Jurafsky, Daniel and Ng, Andrew Y.},
 title = {Semantic taxonomy induction from heterogenous evidence},
 booktitle = {Proceedings of ACL-COLING},
 @series = {ACL-44},
 year = {2006},
 location = {Sydney, Australia},
 pages = {801--808},
 numpages = {8},
 url = {http://dx.doi.org/10.3115/1220175.1220276},
 doi = {10.3115/1220175.1220276},
 acmid = {1220276},
}

@inproceedings{ snow08,
 author = {Snow, Rion and O'Connor, Brendan and Jurafsky, Daniel and Ng, Andrew Y.},
 title = {Cheap and fast---but is it good?: evaluating non-expert annotations for natural language tasks},
 booktitle = {Proceedings of EMNLP},
 @series = {EMNLP '08},
 year = {2008},
 location = {Honolulu, Hawaii},
 pages = {254--263},
 numpages = {10},
 url = {http://dl.acm.org/citation.cfm?id=1613715.1613751},
 acmid = {1613751},
}

@inproceedings{ soricut05,
 author = {Soricut, Radu and Marcu, Daniel},
 title = {Towards developing generation algorithms for text-to-text applications},
 booktitle = {Proceedings of ACL},
 @series = {ACL '05},
 year = {2005},
 location = {Ann Arbor, Michigan},
 pages = {66--74},
 numpages = {9},
 url = {http://dx.doi.org/10.3115/1219840.1219849},
 doi = {10.3115/1219840.1219849},
 acmid = {1219849},
}

@inproceedings{ soricut06,
 author = {Soricut, Radu and Marcu, Daniel},
 title = {Stochastic language generation using WIDL-expressions and its application in machine translation and summarization},
 booktitle = {Proceedings of ACL-COLING},
 @series = {ACL-44},
 year = {2006},
 location = {Sydney, Australia},
 pages = {1105--1112},
 numpages = {8},
 url = {http://dx.doi.org/10.3115/1220175.1220314},
 doi = {10.3115/1220175.1220314},
 acmid = {1220314},
}

@inproceedings{ szpektor08,
 author = {Szpektor, Idan and Dagan, Ido},
 title = {Learning entailment rules for unary templates},
 booktitle = {Proceedings of COLING},
 @series = {COLING '08},
 year = {2008},
 isbn = {978-1-905593-44-6},
 location = {Manchester, United Kingdom},
 pages = {849--856},
 numpages = {8},
 url = {http://dl.acm.org/citation.cfm?id=1599081.1599188},
 acmid = {1599188},
}

@inproceedings{ thadani08,
	author = {Thadani, Kapil and McKeown, Kathleen},
	title = {A framework for identifying textual redundancy},
	booktitle = {Proceedings of COLING},
	year = {2008},
	isbn = {978-1-905593-44-6},
	pages = {873--880},
	location = {Manchester, United Kingdom},
}

@inproceedings{ thadani11a,
 author = {Thadani, Kapil and McKeown, Kathleen},
 title = {Optimal and syntactically-informed decoding for monolingual phrase-based alignment},
 booktitle = {Proceedings of ACL-HLT},
 @series = {HLT '11},
 year = {2011},
 isbn = {978-1-932432-88-6},
 location = {Portland, Oregon},
 pages = {254--259},
 numpages = {6},
 url = {http://dl.acm.org/citation.cfm?id=2002736.2002789},
 acmid = {2002789},
}

@inproceedings{ thadani11b,
 author = {Thadani, Kapil and McKeown, Kathleen},
 title = {Towards strict sentence intersection: decoding and evaluation strategies},
 booktitle = {Proceedings of the Workshop on Monolingual Text-To-Text Generation},
 @series = {MTTG '11},
 year = {2011},
 isbn = {9781937284053},
 location = {Portland, Oregon},
 pages = {43--53},
 numpages = {11},
 url = {http://dl.acm.org/citation.cfm?id=2107679.2107685},
 acmid = {2107685},
}

% TODO: replace with full reference
@inproceedings{ thadani13a,
	author = {Thadani, Kapil and McKeown, Kathleen},
	title = {Sentence Compression with Joint Structural Inference},
	booktitle = {Proceedings of CoNLL},
	year = {2013},
	location = {Sofia, Bulgaria},
}

% TODO: replace with full reference
@inproceedings{ thadani13b,
	author = {Thadani, Kapil and McKeown, Kathleen},
	title = {Supervised Sentence Fusion with Single-Stage Inference},
	booktitle = {Proceedings of IJCNLP},
	year = {2013},
	location = {Nagoya, Japan},
}

% TODO: replace with full reference
@inproceedings{ thadani14,
	author = {Thadani, Kapil},
	title = {Approximation Strategies for Multi-Structure Sentence Compression},
	booktitle = {Proceedings of ACL},
	year = {2014},
	location = {Baltimore, Maryland},
}

@inproceedings{ tromble06,
 author = {Tromble, Roy W. and Eisner, Jason},
 title = {A fast finite-state relaxation method for enforcing global constraints on sequence decoding},
 booktitle = {Proceedings of HLT-NAACL},
 @series = {HLT-NAACL '06},
 year = {2006},
 location = {New York, New York},
 pages = {423--430},
 numpages = {8},
 url = {http://dx.doi.org/10.3115/1220835.1220889},
 doi = {10.3115/1220835.1220889},
 acmid = {1220889},
}

@inproceedings{ tsochantaridis04,
 author = {Tsochantaridis, Ioannis and Hofmann, Thomas and Joachims, Thorsten and Altun, Yasemin},
 title = {Support vector machine learning for interdependent and structured output spaces},
 booktitle = {Proceedings of ICML},
 @series = {ICML '04},
 year = {2004},
 isbn = {1-58113-838-5},
 location = {Banff, Alberta, Canada},
 pages = {104--},
 url = {http://doi.acm.org/10.1145/1015330.1015341},
 doi = {10.1145/1015330.1015341},
 acmid = {1015341},
}

@inproceedings{ turner05,
 author = {Turner, Jenine and Charniak, Eugene},
 title = {Supervised and unsupervised learning for sentence compression},
 booktitle = {Proceedings of ACL},
 @series = {ACL '05},
 year = {2005},
 location = {Ann Arbor, Michigan},
 pages = {290--297},
 numpages = {8},
 url = {http://dx.doi.org/10.3115/1219840.1219876},
 doi = {10.3115/1219840.1219876},
 acmid = {1219876},
}

@inproceedings{ unno06,
 author = {Unno, Yuya and Ninomiya, Takashi and Miyao, Yusuke and Tsujii, Jun'ichi},
 title = {Trimming {CFG} parse trees for sentence compression using machine learning approaches},
 booktitle = {Proceedings of ACL-COLING},
 @series = {COLING-ACL '06},
 year = {2006},
 location = {Sydney, Australia},
 pages = {850--857},
 numpages = {8},
 url = {http://dl.acm.org/citation.cfm?id=1273073.1273182},
 acmid = {1273182},
}

@book{ vanderbei08,
 author = {Vanderbei, Robert J.},
 title = {Linear Programming: Foundations and Extensions},
 year = {2008},
 edition = {3rd},
 @series = {International @series in Operations Research \& Management Science, Vol. 114},
 isbn = {978-0-387-74387-5},
 publisher = {Springer-Verlag},
 address = {New York, NY, USA},
}

@inproceedings{ vogel96,
 author = {Vogel, Stephan and Ney, Hermann and Tillmann, Christoph},
 title = {{HMM}-based word alignment in statistical translation},
 booktitle = {Proceedings of COLING},
 @series = {COLING '96},
 year = {1996},
 location = {Copenhagen, Denmark},
 pages = {836--841},
 numpages = {6},
 url = {http://dx.doi.org/10.3115/993268.993313},
 doi = {10.3115/993268.993313},
 acmid = {993313},
}

@inproceedings{ vonahn04,
 author = {von Ahn, Luis and Dabbish, Laura},
 title = {Labeling images with a computer game},
 booktitle = {Proceedings of the SIGCHI conference on Human factors in computing systems},
 @series = {CHI '04},
 year = {2004},
 isbn = {1-58113-702-8},
 location = {Vienna, Austria},
 pages = {319--326},
 numpages = {8},
 url = {http://doi.acm.org/10.1145/985692.985733},
 doi = {10.1145/985692.985733},
 acmid = {985733},
 keywords = {World Wide Web, distributed knowledge acquisition, image labeling, online games},
}


@inproceedings{ wang13,
 author = {Wang, Lu and Raghavan, Hema and Castelli, Vittorio and Florian, Radu and Cardie, Claire},
 title = {A sentence compression based framework to query-focused multi-document summarization},
 booktitle = {Proceedings of ACL},
 year = {2013},
 month = {August},
 location = {Sofia, Bulgaria},
 pages = {1384--1394},
}

@inproceedings{ wan09,
 author = {Wan, Stephen and Dras, Mark and Dale, Robert and Paris, C{\'e}cile},
 title = {Improving grammaticality in statistical sentence generation: introducing a dependency spanning tree algorithm with an argument satisfaction model},
 booktitle = {Proceedings of EACL},
 @series = {EACL '09},
 year = {2009},
 location = {Athens, Greece},
 pages = {852--860},
 numpages = {9},
 url = {http://dl.acm.org/citation.cfm?id=1609067.1609162},
 acmid = {1609162},
}

@inproceedings{ wick11,
  author =    {Wick, Michael and Rohanimanesh, Khashayar and Bellare, Kedar and Culotta, Aron and McCallum, Andrew},
  title =     {SampleRank: Training Factor Graphs with Atomic Gradients},
  booktitle = {Proceedings of ICML},
  @series =    {ICML '11},
  year =      {2011},
  editor =    {Lise Getoor and Tobias Scheffer},
  location =  {Bellevue, Washington, USA},
  isbn =      {978-1-4503-0619-5},
  month =     {June},
  pages=      {777--784},
}

@book{ winston03,
 author = {Winston, Wayne L. and Venkataramanan, Munirpallam},
 title = {Introduction to Mathematical Programming: Applications and Algorithms},
 year = {2003},
 edition = {4th},
 publisher = {Duxbury},
}

@inproceedings{ woodsend10a,
 author = {Woodsend, Kristian and Lapata, Mirella},
 title = {Automatic generation of story highlights},
 booktitle = {Proceedings of ACL},
 @series = {ACL '10},
 year = {2010},
 location = {Uppsala, Sweden},
 pages = {565--574},
 numpages = {10},
 url = {http://dl.acm.org/citation.cfm?id=1858681.1858739},
 acmid = {1858739},
}

@inproceedings{ woodsend10b,
 author = {Woodsend, Kristian and Feng, Yansong and Lapata, Mirella},
 title = {Title generation with quasi-synchronous grammar},
 booktitle = {Proceedings of EMNLP},
 @series = {EMNLP '10},
 year = {2010},
 location = {Cambridge, Massachusetts},
 pages = {513--523},
 numpages = {11},
 url = {http://dl.acm.org/citation.cfm?id=1870658.1870708},
 acmid = {1870708},
}

@inproceedings{ woodsend11,
 author = {Woodsend, Kristian and Lapata, Mirella},
 title = {Learning to simplify sentences with quasi-synchronous grammar and integer programming},
 booktitle = {Proceedings of EMNLP},
 @series = {EMNLP '11},
 year = {2011},
 isbn = {978-1-937284-11-4},
 location = {Edinburgh, United Kingdom},
 pages = {409--420},
 numpages = {12},
 url = {http://dl.acm.org/citation.cfm?id=2145432.2145480},
 acmid = {2145480},
}

@inproceedings{woodsend12,
author = {Woodsend, Kristian and Lapata, Mirella},
title = {{Multiple aspect summarization using integer linear programming}},
booktitle = {Proceedings of EMNLP},
year = {2012},
pages = {233--243}
}

@inproceedings{ xie08,
	author = {Xie, Zhuli and Di Eugenio, Barbara and Nelson, Peter C.},
	title = {From Extracting to Abstracting: Generating Quasi-abstractive Summaries},
	booktitle = {Proceedings of LREC},
	month = {May},
	year = {2008},
	location = {Marrakech, Morocco},
}

@inproceedings{ yatskar10,
 author = {Yatskar, Mark and Pang, Bo and Danescu-Niculescu-Mizil, Cristian and Lee, Lillian},
 title = {For the sake of simplicity: unsupervised extraction of lexical simplifications from Wikipedia},
 booktitle = {Proceedings of HLT-NAACL},
 @series = {HLT '10},
 year = {2010},
 isbn = {1-932432-65-5},
 location = {Los Angeles, California},
 pages = {365--368},
 numpages = {4},
 url = {http://dl.acm.org/citation.cfm?id=1857999.1858055},
 acmid = {1858055},
}

@article{ zajic07,
 author = {Zajic, David and Dorr, Bonnie J. and Lin, Jimmy and Schwartz, Richard},
 title = {Multi-candidate Reduction: Sentence Compression As a Tool for Document Summarization Tasks},
 journal = {Information Processing and Management},
 issue_date = {November, 2007},
 volume = {43},
 number = {6},
 month = {Nov},
 year = {2007},
 issn = {0306-4573},
 pages = {1549--1570},
 numpages = {22},
 url = {http://dx.doi.org/10.1016/j.ipm.2007.01.016},
 doi = {10.1016/j.ipm.2007.01.016},
 acmid = {1285161},
 publisher = {Pergamon Press, Inc.},
 address = {Tarrytown, NY, USA},
 keywords = {07.05.Mh, 43.71.Sy, 89.20.Ff, Headline generation, Hidden Markov model, Parse-and-trim, Summarization},
}

@InProceedings{ zhao13,
  author    = {Zhao, Kai  and  Huang, Liang},
  title     = {Minibatch and Parallelization for Online Large Margin Structured Learning},
  booktitle = {Proceedings of HLT-NAACL},
  @series   = {HLT '13},
  month     = {June},
  year      = {2013},
  address   = {Atlanta, Georgia},
  pages     = {370--379},
  url       = {http://www.aclweb.org/anthology/N13-1038}
}

@inproceedings{ zhu10,
 author = {Zhu, Zhemin and Bernhard, Delphine and Gurevych, Iryna},
 title = {A monolingual tree-based translation model for sentence simplification},
 booktitle = {Proceedings of COLING},
 @series = {COLING '10},
 year = {2010},
 location = {Beijing, China},
 pages = {1353--1361},
 numpages = {9},
 url = {http://dl.acm.org/citation.cfm?id=1873781.1873933},
 acmid = {1873933},
}
